@article{e5a1bb8f-41b7-35c6-95cd-8b366d3e99bc,
 ISSN = {00221082, 15406261},
 URL = {http://www.jstor.org/stable/2975974},
 author = {Harry Markowitz},
 journal = {The Journal of Finance},
 number = {1},
 pages = {77--91},
 publisher = {[American Finance Association, Wiley]},
 title = {Portfolio Selection},
 urldate = {2025-01-24},
 volume = {7},
 year = {1952}
}

@article{maillard2010properties,
  title={The properties of equally weighted risk contribution portfolios},
  author={Maillard, Sebastien and Roncalli, Thierry and Tiletche, Jerome},
  journal={Journal of Portfolio Management},
  volume={36},
  number={4},
  pages={60},
  year={2010},
  publisher={Citeseer}
}

@article{asness2012leverage,
  title={Leverage aversion and risk parity},
  author={Asness, Clifford S and Frazzini, Andrea and Pedersen, Lasse H},
  journal={Financial Analysts Journal},
  volume={68},
  number={1},
  pages={47--59},
  year={2012},
  publisher={Taylor \& Francis}
}

@book{roncalli2013introduction,
  title={Introduction to risk parity and budgeting},
  author={Roncalli, Thierry},
  year={2013},
  publisher={CRC Press}
}

@article{jagannathan2003risk,
  title={Risk reduction in large portfolios: Why imposing the wrong constraints helps},
  author={Jagannathan, Ravi and Ma, Tongshu},
  journal={The journal of finance},
  volume={58},
  number={4},
  pages={1651--1683},
  year={2003},
  publisher={Wiley Online Library}
}

@article{chow2014study,
  title={A study of low-volatility portfolio construction methods},
  author={Chow, Tzee-Man and Hsu, Jason C and Kuo, Li-Lan and Li, Feifei},
  journal={The Journal of Portfolio Management},
  volume={40},
  number={4},
  pages={89--105},
  year={2014},
  publisher={Institutional Investor Journals Umbrella}
}

@article{hurst2010understanding,
  title={Understanding risk parity},
  author={Hurst, Brian and Johnson, Bryan and Ooi, Yao Hua},
  journal={AQR Capital Management},
  year={2010}
}

@article{chan1999portfolio,
  title={On portfolio optimization: Forecasting covariances and choosing the risk model},
  author={Chan, Louis KC and Karceski, Jason and Lakonishok, Josef},
  journal={The review of Financial studies},
  volume={12},
  number={5},
  pages={937--974},
  year={1999},
  publisher={Oxford University Press}
}

@article{coqueret2015diversified,
  title={Diversified minimum-variance portfolios},
  author={Coqueret, Guillaume},
  journal={Annals of Finance},
  volume={11},
  number={2},
  pages={221--241},
  year={2015},
  publisher={Springer}
}

@article{stefanova-2020,
	author = {Stefanova, Katina},
	journal = {The Hedgefund Journal},
	month = {6},
	number = {149},
	title = {{The end of the golden era for risk parity}},
	year = {2020},
	url = {},
}

@article{james2023semi,
  title={Semi-metric portfolio optimization: A new algorithm reducing simultaneous asset shocks},
  author={James, Nick and Menzies, Max and Chan, Jennifer},
  journal={Econometrics},
  volume={11},
  number={1},
  pages={8},
  year={2023},
  publisher={MDPI}
}

@article{hendricks1996evaluation,
  title={Evaluation of value-at-risk models using historical data},
  author={Hendricks, Darryll},
  journal={Economic policy review},
  volume={2},
  number={1},
  year={1996}
}

@incollection{chekhlov2004portfolio,
  title={Portfolio optimization with drawdown constraints},
  author={Chekhlov, Alexei and Uryasev, Stanislav and Zabarankin, Michael},
  booktitle={Supply chain and finance},
  pages={209--228},
  year={2004},
  publisher={World Scientific}
}

@article{damodaran1999estimating,
  title={Estimating risk free rates},
  author={Damodaran, Aswath},
  journal={WP, Stern School of Business, New York},
  volume={20},
  year={1999}
}

@article{chaves2011risk,
  title={Risk parity portfolio vs. other asset allocation heuristic portfolios},
  author={Chaves, Denis and Hsu, Jason and Li, Feifei and Shakernia, Omid},
  journal={Journal of Investing},
  volume={20},
  number={1},
  pages={108},
  year={2011}
}

@article{choueifaty2008towards,
  title={Towards maximum diversification},
  author={Choueifaty, Yves},
  journal={Available at SSRN 4063676},
  year={2008}
}

@article{qian2005risk,
  title={Risk parity portfolios: Efficient portfolios through true diversification},
  author={Qian, Edward and others},
  journal={Panagora Asset Management},
  year={2005}
}

@article{choi2024diversified,
  title={Diversified reward-risk parity in portfolio construction},
  author={Choi, Jaehyung and Kim, Hyangju and Kim, Young Shin},
  journal={Studies in Nonlinear Dynamics \& Econometrics},
  number={0},
  year={2024},
  publisher={De Gruyter}
}

@article{loayza2007macroeconomic,
  title={Macroeconomic volatility and welfare in developing countries: An introduction},
  author={Loayza, Norman V and Ranciere, Romain and Serven, Luis and Ventura, Jaume},
  journal={The World Bank Economic Review},
  volume={21},
  number={3},
  pages={343--357},
  year={2007},
  publisher={Oxford University Press}
}

@article{qian2011risk,
  title={Risk parity and diversification},
  author={Qian, Edward},
  journal={Journal of Investing},
  volume={20},
  number={1},
  pages={119},
  year={2011}
}

@article{costa2022data,
  title={Data-driven distributionally robust risk parity portfolio optimization},
  author={Costa, Giorgio and Kwon, Roy H},
  journal={Optimization Methods and Software},
  volume={37},
  number={5},
  pages={1876--1911},
  year={2022},
  publisher={Taylor \& Francis}
}






